@book{chanbf97,
title="論粵方言詞本字孝釋",
publisher="中華書局",
year="1997",
author="陳伯輝",
}
@article{yangsw98,
  title={勾漏片粤语中的 [ti]},
  author={杨世文},
  journal={广西师范大学学报 (哲学社会科学版)},
  volume={34},
  number={4},
  year={1998}
}
@article{pangxc10,
  title={广州话 “类同义” 副词历时演变的特点与机制},
  author={彭小川 and 陈启萍},
  journal={暨南学报 (哲学社会科学版)},
  volume={3},
  pages={019},
  year={2010}
}
